@inproceedings{cooper2010benchmarking,
  title={Benchmarking cloud serving systems with YCSB},
  author={Cooper, Brian F and Silberstein, Adam and Tam, Erwin and Ramakrishnan, Raghu and Sears, Russell},
  booktitle={Proceedings of the 1st ACM symposium on Cloud computing},
  pages={143--154},
  year={2010},
  organization={ACM}
}

@inproceedings{li2010cloudcmp,
  title={CloudCmp: comparing public cloud providers},
  author={Li, Ang and Yang, Xiaowei and Kandula, Srikanth and Zhang, Ming},
  booktitle={Proceedings of the 10th ACM SIGCOMM conference on Internet measurement},
  pages={1--14},
  year={2010},
  organization={ACM}
}

@inproceedings{chhetri2013smart,
  title={Smart CloudBench--Automated Performance Benchmarking of the Cloud},
  author={Chhetri, Mohan Baruwal and Chichin, Sergei and Vo, Quoc Bao and Kowalczyk, Ryszard},
  booktitle={2013 IEEE Sixth International Conference on Cloud Computing},
  pages={414--421},
  year={2013},
  organization={IEEE}
}

@inproceedings{litzkow1988condor,
  title={Condor-a hunter of idle workstations},
  author={Litzkow, Michael J and Livny, Miron and Mutka, Matt W},
  booktitle={Distributed Computing Systems, 1988., 8th International Conference on},
  pages={104--111},
  year={1988},
  organization={IEEE}
}

@article{armbrust2010view,
  title={A view of cloud computing},
  author={Armbrust, Michael and Fox, Armando and Griffith, Rean and Joseph, Anthony D and Katz, Randy and Konwinski, Andy and Lee, Gunho and Patterson, David and Rabkin, Ariel and Stoica, Ion and others},
  journal={Communications of the ACM},
  volume={53},
  number={4},
  pages={50--58},
  year={2010},
  publisher={ACM}
}

@article{mell2011nist,
  title={The NIST definition of cloud computing},
  author={Mell, Peter and Grance, Tim},
  year={2011},
  publisher={Computer Security Division, Information Technology Laboratory, National Institute of Standards and Technology Gaithersburg}
}

@article{mcgough2014comparison,
  title={Comparison of a cost-effective virtual cloud cluster with an existing campus cluster},
  author={McGough, A Stephen and Forshaw, Matthew and Gerrard, Clive and Wheater, Stuart and Allen, Ben and Robinson, Paul},
  journal={Future Generation Computer Systems},
  volume={41},
  pages={65--78},
  year={2014},
  publisher={Elsevier}
}

@article{gillam2013fair,
  title={Fair benchmarking for cloud computing systems},
  author={Gillam, Lee and Li, Bin and Oâ€™Loughlin, John and Tomar, Anuz Pratap S},
  journal={Journal of Cloud Computing: Advances, Systems and Applications},
  volume={2},
  number={1},
  pages={6},
  year={2013},
  publisher={Springer}
}

@inproceedings{yi2010reducing,
  title={Reducing costs of spot instances via checkpointing in the amazon elastic compute cloud},
  author={Yi, Sangho and Kondo, Derrick and Andrzejak, Artur},
  booktitle={Cloud Computing (CLOUD), 2010 IEEE 3rd International Conference on},
  pages={236--243},
  year={2010},
  organization={IEEE}
}

@inproceedings{voorsluys2012reliable,
  title={Reliable provisioning of spot instances for compute-intensive applications},
  author={Voorsluys, William and Buyya, Rajkumar},
  booktitle={Advanced information networking and applications (aina), 2012 ieee 26th international conference on},
  pages={542--549},
  year={2012},
  organization={IEEE}
}

@article{yi2012monetary,
  title={Monetary cost-aware checkpointing and migration on Amazon cloud spot instances},
  author={Yi, Sangho and Andrzejak, Artur and Kondo, Derrick},
  journal={Services Computing, IEEE Transactions on},
  volume={5},
  number={4},
  pages={512--524},
  year={2012},
  publisher={IEEE}
}

@incollection{jung2011efficient,
  title={An efficient checkpointing scheme using price history of spot instances in cloud computing environment},
  author={Jung, Daeyong and Chin, SungHo and Chung, KwangSik and Yu, HeonChang and Gil, JoonMin},
  booktitle={Network and Parallel Computing},
  pages={185--200},
  year={2011},
  publisher={Springer}
}

@article{agmon2013deconstructing,
  title={Deconstructing Amazon EC2 spot instance pricing},
  author={Agmon Ben-Yehuda, Orna and Ben-Yehuda, Muli and Schuster, Assaf and Tsafrir, Dan},
  journal={ACM Transactions on Economics and Computation},
  volume={1},
  number={3},
  pages={16},
  year={2013},
  publisher={ACM}
}

@incollection{voorsluys2011provisioning,
  title={Provisioning spot market cloud resources to create cost-effective virtual clusters},
  author={Voorsluys, William and Garg, Saurabh Kumar and Buyya, Rajkumar},
  booktitle={Algorithms and Architectures for Parallel Processing},
  pages={395--408},
  year={2011},
  publisher={Springer}
}

@incollection{shiv2009specjvm2008,
  title={SPECjvm2008 performance characterization},
  author={Shiv, Kumar and Chow, Kingsum and Wang, Yanping and Petrochenko, Dmitry},
  booktitle={Computer Performance Evaluation and Benchmarking},
  pages={17--35},
  year={2009},
  publisher={Springer}
}

@misc{openshift,
  title={{OpenShift: PaaS by Red Hat}, Built on {Docker} and {Kubernetes}},
  author={{Red Hat}},
  howpublished={\url{https://www.openshift.com}},
  note={Accessed: 2016-03-15}
}

@misc{htcrequire,
  title={{High-Throughput Computing} {(HTC)} and its Requirements},
  author={{University of Wisconsin-Madison}},
  howpublished={\url{http://research.cs.wisc.edu/htcondor/manual/latest/1_1High_Throughput_Computin.html}},
  note={Accessed: 2016-03-15}
}

@misc{boinc,
  title={{Berkeley Open Infrastructure for Network Computing (BOINC)}},
  author={{University of California}},
  howpublished={\url{http://boinc.berkeley.edu/}},
  note={Accessed: 2016-03-25}
}

@misc{ec2spotinstance,
  title={Amazon {EC2} Spot Instances},
  author={Amazon},
  howpublished={\url{http://aws.amazon.com/ec2/spot/}},
  note={Accessed: 2016-03-15}
}

@misc{ibmcloud,
  title={What is cloud computing?},
  author={{IBM}},
  howpublished={\url{http://www.ibm.com/cloud-computing/uk/en/what-is-cloud-computing.html}},
  note={Accessed: 2014-11-20}
}

@misc{specjvm,
  title={{SPECjvm2008}},
  author={{Standard Performance Evaluation Corporation}},
  howpublished={\url{https://www.spec.org/jvm2008/}},
  note={Accessed: 2016-04-18}
}

@misc{specjvmguide,
title={{SPECjvm2008} User Guide},
author={{Standard Performance Evaluation Corporation}},
howpublished={\url{https://www.spec.org/jvm2008/docs/UserGuide.html}},
note={Accessed: 2016-04-18}}

@misc{azurevmimage,
  title={Azure {VM} Image},
  author={Avanessians, Christine},
  howpublished={\url{https://azure.microsoft.com/en-us/blog/vm-image-blog-post/}},
  note={Accessed: 2016-04-16}
}

@misc{azurevmtype,
  title={{Azure Virtual Machines Pricing}},
  author={Microsoft},
  howpublished={\url{https://azure.microsoft.com/en-gb/pricing/details/virtual-machines/}},
  note={Accessed: 2016-04-16}
}

@misc{awsvmtype,
  title={{Amazon EC2 Instance Types}},
  author={Amazon},
  howpublished={\url{https://aws.amazon.com/ec2/instance-types/}},
  note={Accessed: 2016-03-15}
}

@misc{crystaldiskmark,
  title={{Crystal Disk Mark}},
  author={Crystal Dew World},
  howpublished={\url{http://crystalmark.info/software/CrystalDiskMark/index-e.html}},
  note={Accessed: 2016-04-18}
}

@inproceedings{forshaw2014trace,
  title={Trace-driven simulation for energy consumption in High Throughput Computing systems},
  author={Forshaw, Matthew and Thomas, Nathan and McGough, A Stephen},
  booktitle={Distributed Simulation and Real Time Applications (DS-RT), 2014 IEEE/ACM 18th International Symposium on},
  pages={27--34},
  year={2014},
  organization={IEEE}
}
